@inproceedings{houlsby2012collaborative,
  title={Collaborative gaussian processes for preference learning},
  author={Houlsby, Neil and Huszar, Ferenc and Ghahramani, Zoubin and Hern{\'a}ndez-lobato, Jose M},
  booktitle={Advances in Neural Information Processing Systems},
  pages={2096--2104},
  year={2012}
}

@inproceedings{chu2005preference,
  title={Preference learning with Gaussian processes},
  author={Chu, Wei and Ghahramani, Zoubin},
  booktitle={Proceedings of the 22nd international conference on Machine learning},
  pages={137--144},
  year={2005},
  organization={ACM}
}



@article{rasmussen2006gaussian,
  title={Gaussian processes for machine learning},
  author={Rasmussen, Carl Edward},
  year={2006},
  publisher={Citeseer}
}


@inproceedings{eric2008active,
  title={Active preference learning with discrete choice data},
  author={Eric, Brochu and Freitas, Nando D and Ghosh, Abhijeet},
  booktitle={Advances in neural information processing systems},
  pages={409--416},
  year={2008}
}

@misc{NeuMarHuaKer15,
 author={Marion Neumann and Daniel Marthaler and Shan Huang and Kristian Kersting},
 title={py$\mathrm{GP}$s},
 year={2015},
 note={\url{http://mloss.org/software/view/509/}}
}